<record xmlns="http://www.loc.gov/MARC21/slim" xmlns:xsi="http://www.w3.org/2001/XMLSchema-instance" xsi:schemaLocation="http://www.loc.gov/MARC21/slim http://www.loc.gov/standards/marcxml/schema/MARC21slim.xsd"><leader>01804cz   2200337n  4500</leader><controlfield tag="001">oca00877012 </controlfield><controlfield tag="005">20040304052436.0</controlfield><controlfield tag="008">830711n| acannaabn          |a aaa     c</controlfield><datafield ind1=" " ind2=" " tag="010"><subfield code="a">n  82220110 </subfield></datafield><datafield ind1=" " ind2=" " tag="040"><subfield code="a">InU</subfield><subfield code="c">DLC</subfield><subfield code="d">DLC</subfield><subfield code="d">MoSU</subfield></datafield><datafield ind1="1" ind2=" " tag="100"><subfield code="a">Cassian, John,</subfield><subfield code="d">ca. 360-ca. 435</subfield></datafield><datafield ind1="1" ind2=" " tag="400"><subfield code="a">Cassianus, Joannes,</subfield><subfield code="d">ca. 370-ca. 435</subfield><subfield code="w">nnaa</subfield></datafield><datafield ind1="1" ind2=" " tag="400"><subfield code="a">Kassian, Ioann,</subfield><subfield code="d">ca. 360-ca. 435</subfield></datafield><datafield ind1="1" ind2=" " tag="400"><subfield code="a">Cassien, Jean,</subfield><subfield code="d">ca. 360-ca. 435</subfield></datafield><datafield ind1="1" ind2=" " tag="400"><subfield code="a">Cassianus, Johannes,</subfield><subfield code="d">ca. 360-ca. 435</subfield></datafield><datafield ind1="1" ind2=" " tag="400"><subfield code="a">Cassiano, Giovanni,</subfield><subfield code="d">ca. 360-ca. 435</subfield></datafield><datafield ind1="0" ind2=" " tag="400"><subfield code="a">Johannes,</subfield><subfield code="c">Eremita,</subfield><subfield code="d">ca. 360-ca. 435</subfield></datafield><datafield ind1="0" ind2=" " tag="400"><subfield code="a">Johannes,</subfield><subfield code="c">Massiliensis,</subfield><subfield code="d">ca. 360-ca. 435</subfield></datafield><datafield ind1="0" ind2=" " tag="400"><subfield code="a">Johannes,</subfield><subfield code="c">Cassianus,</subfield><subfield code="d">ca. 360-ca. 435</subfield></datafield><datafield ind1="1" ind2=" " tag="400"><subfield code="a">Casiano, Juan,</subfield><subfield code="d">ca. 360-ca. 435</subfield></datafield><datafield ind1="1" ind2=" " tag="400"><subfield code="a">Cassianus, Joannes,</subfield><subfield code="d">ca. 360-ca. 435</subfield></datafield><datafield ind1="1" ind2=" " tag="400"><subfield code="a">Cassian, Johannes,</subfield><subfield code="d">ca. 360-ca. 435</subfield></datafield><datafield ind1=" " ind2=" " tag="670"><subfield code="a">Folsom, C. Anger, dejection and acedia in the writings of John Cassian, 1981 (subj.)</subfield><subfield code="b">t.p. (John Cassian) p. 1 (c. 360-433)</subfield></datafield><datafield ind1=" " ind2=" " tag="670"><subfield code="a">NUC Pre-1956</subfield><subfield code="b">(Cassianus, Joannes, ca. 370-ca. 435; ref. Kassian, Ioann)</subfield></datafield><datafield ind1=" " ind2=" " tag="670"><subfield code="a">His Institutions ceÌ&#x81;nobitiques, 1965:</subfield><subfield code="b">t.p. (Jean Cassien)</subfield></datafield><datafield ind1=" " ind2=" " tag="670"><subfield code="a">New Cath. encyc.</subfield><subfield code="b">(Cassian, John (Johannes Cassianus); monk and ascetical writer; b. probably 360; d. between 432 and 435)</subfield></datafield><datafield ind1=" " ind2=" " tag="670"><subfield code="a">Encic. cattolica</subfield><subfield code="b">(Cassiano, Giovanni; b. ca. 360; d. ca. 435)</subfield></datafield><datafield ind1=" " ind2=" " tag="670"><subfield code="a">Enc. Brit., 1983</subfield><subfield code="b">(Cassian, Saint John; Latin Johannes Cassianus, also called Johannes Eremita or Johannes Massiliensis; b. 360; d. 435)</subfield></datafield><datafield ind1=" " ind2=" " tag="670"><subfield code="a">Codina, V. El aspecto cristologico en la espiritualidad de Juan Casiano, 1966:</subfield><subfield code="b">t.p. (Juan Casiano)</subfield></datafield><datafield ind1=" " ind2=" " tag="670"><subfield code="a">LC in OCLC, 5/4/83</subfield><subfield code="b">(hdg.: Cassianus, Joannes, ca. 370-ca. 435; usage: name not given)</subfield></datafield><datafield ind1=" " ind2=" " tag="670"><subfield code="a">Summa, G. Geistliche Unterscheidung bei Johannes Cassian, c1992.</subfield></datafield></record>